<record><leader>00000cas a2200000 a 4500</leader><controlfield tag="001">12356289</controlfield><controlfield tag="008">850807d18961908ksuwr ne      0    0eng d</controlfield><datafield ind1=" " ind2=" " tag="010"><subfield code="a">sn 85031716 </subfield></datafield><datafield ind1=" " ind2=" " tag="040"><subfield code="a">KSH</subfield><subfield code="b">eng</subfield><subfield code="c">KSH</subfield><subfield code="d">NPT</subfield><subfield code="d">OCL</subfield><subfield code="d">OCLCQ</subfield></datafield><datafield ind1=" " ind2=" " tag="042"><subfield code="a">msc</subfield></datafield><datafield ind1="0" ind2=" " tag="130"><subfield code="a">St. Mary's eagle (St. Marys, Kan. : 1896)</subfield></datafield><datafield ind1="1" ind2="0" tag="245"><subfield code="a">St. Mary's eagle.</subfield></datafield><datafield ind1="3" ind2="0" tag="246"><subfield code="a">Saint Mary's eagle</subfield></datafield><datafield ind1=" " ind2=" " tag="260"><subfield code="a">St. Marys, Kan. :</subfield><subfield code="b">M.M. Lee,</subfield><subfield code="c">1896-1908.</subfield></datafield><datafield ind1=" " ind2=" " tag="300"><subfield code="a">15 v. :</subfield><subfield code="b">ill. ;</subfield><subfield code="c">50 cm.</subfield></datafield><datafield ind1=" " ind2=" " tag="310"><subfield code="a">Weekly</subfield></datafield><datafield ind1="0" ind2=" " tag="362"><subfield code="a">Vol. 4, no. 240 (Nov. 12, 1896)-v. 16, no. 41 (Apr. 5, 1906) ; v. 16, no. 42-664 (Apr. 12, 1906)-v. 19, no. 13-791 (Sept. 26 [i.e. 24], 1908).</subfield></datafield><datafield ind1=" " ind2=" " tag="500"><subfield code="a">Published by Eagle Printing Co., Mar. 22, 1906-Sept. 24, 1908.</subfield></datafield><datafield ind1=" " ind2=" " tag="525"><subfield code="a">Supplements included.</subfield></datafield><datafield ind1=" " ind2=" " tag="752"><subfield code="a">United States</subfield><subfield code="b">Kansas</subfield><subfield code="c">Pottawatomie</subfield><subfield code="d">St. Marys.</subfield></datafield><datafield ind1="0" ind2="0" tag="780"><subfield code="t">Semi-weekly St. Mary's eagle</subfield><subfield code="w">(DLC)sn 85031715</subfield></datafield><datafield ind1="0" ind2="7" tag="785"><subfield code="t">St. Mary's journal</subfield><subfield code="w">(DLC)sn 85031717</subfield></datafield><datafield ind1="0" ind2="7" tag="785"><subfield code="t">Eagle-journal consolidated</subfield><subfield code="w">(DLC)sn 85031718</subfield></datafield></record>